<?xml version = "1.0" encoding = "UTF-8"?><OAI-PMH xmlns="http://www.openarchives.org/OAI/2.0/" xmlns:xsi="http://www.w3.org/2001/XMLSchema-instance" xsi:schemaLocation="http://www.openarchives.org/OAI/2.0/ http://www.openarchives.org/OAI/2.0/OAI-PMH.xsd"><ListRecords><record><header><identifier>aleph-publish:022804781</identifier></header><metadata><record xmlns="http://www.ddb.de/professionell/mabxml/mabxml-1.xsd"><leader>------M2.01200024------h</leader><controlfield tag="LDR">------M2.01200024------h</controlfield><controlfield tag="FMT">MH</controlfield><datafield tag="001" ind1="-" ind2="1"><subfield code="a">HT019996406</subfield></datafield><datafield tag="002" ind1="a" ind2="1"><subfield code="a">20190308</subfield></datafield><datafield tag="026" ind1="-" ind2="1"><subfield code="a">HBZHT019996406</subfield></datafield><controlfield tag="030">a|1ur||||||17</controlfield><datafield tag="036" ind1="a" ind2="1"><subfield code="a">US</subfield></datafield><datafield tag="037" ind1="b" ind2="1"><subfield code="a">eng</subfield></datafield><controlfield tag="050">a|||||||||||||</controlfield><controlfield tag="051">s|||||||</controlfield><datafield tag="060" ind1="-" ind2="1"><subfield code="b">txt</subfield><subfield code="a">Text</subfield></datafield><datafield tag="061" ind1="-" ind2="1"><subfield code="b">n</subfield><subfield code="a">ohne Hilfsmittel zu benutzen</subfield></datafield><datafield tag="062" ind1="-" ind2="1"><subfield code="b">nc</subfield><subfield code="a">Band</subfield></datafield><datafield tag="070" ind1="-" ind2="1"><subfield code="a">361</subfield></datafield><datafield tag="080" ind1="-" ind2="1"><subfield code="a">60</subfield></datafield><datafield tag="100" ind1="-" ind2="1"><subfield code="p">Faure, Bernard</subfield><subfield code="d">1948-</subfield><subfield code="9">(DE-588)118188895</subfield></datafield><datafield tag="331" ind1="-" ind2="1"><subfield code="a">&lt;&lt;The&gt;&gt; power of denial</subfield></datafield><datafield tag="335" ind1="-" ind2="1"><subfield code="a">Buddhism, purity, and gender</subfield></datafield><datafield tag="359" ind1="-" ind2="1"><subfield code="a">Bernard Faure</subfield></datafield><datafield tag="419" ind1="-" ind2="1"><subfield code="a">Princeton ; Oxford</subfield><subfield code="b">Princeton University Press</subfield></datafield><datafield tag="425" ind1="a" ind2="1"><subfield code="a">2003</subfield></datafield><datafield tag="433" ind1="-" ind2="1"><subfield code="a">ix, 466 Seiten</subfield></datafield><datafield tag="451" ind1="-" ind2="1"><subfield code="a">Buddhisms</subfield></datafield><datafield tag="521" ind1="-" ind2="1"><subfield code="p">Publisher description</subfield><subfield code="a">http://www.loc.gov/catdir/description/prin031/2002066257.html</subfield></datafield><datafield tag="540" ind1="a" ind2="1"><subfield code="a">0-691-09170-6</subfield><subfield code="b">(alk. paper)</subfield></datafield><datafield tag="540" ind1="a" ind2="1"><subfield code="a">0-691-09171-4</subfield><subfield code="b">(pbk. : alk. paper)</subfield></datafield><datafield tag="740" ind1="s" ind2="1"><subfield code="a">Women / Religious aspects / Buddhism</subfield></datafield><datafield tag="740" ind1="s" ind2="1"><subfield code="a">Sex / Religious aspects / Buddhism</subfield></datafield><datafield tag="740" ind1="s" ind2="1"><subfield code="a">Buddhism / Doctrines</subfield></datafield><datafield tag="902" ind1="-" ind2="1"><subfield code="s">Buddhismus</subfield><subfield code="9">(DE-588)4008690-2</subfield></datafield><datafield tag="902" ind1="-" ind2="1"><subfield code="s">Frau</subfield><subfield code="9">(DE-588)4018202-2</subfield></datafield><datafield tag="902" ind1="-" ind2="1"><subfield code="s">Geschlechterrolle</subfield><subfield code="9">(DE-588)4071776-8</subfield></datafield><datafield tag="903" ind1="-" ind2="1"><subfield code="a">132</subfield><subfield code="a">213</subfield></datafield><controlfield tag="SYS">022804781</controlfield><datafield tag="952" ind1="-" ind2="1"><subfield code="s">Erwachsene Frau</subfield></datafield><datafield tag="952" ind1="-" ind2="1"><subfield code="s">Weib</subfield></datafield><datafield tag="952" ind1="-" ind2="1"><subfield code="s">Weibliche Erwachsene</subfield></datafield><datafield tag="952" ind1="-" ind2="1"><subfield code="s">Frauen</subfield></datafield><datafield tag="952" ind1="-" ind2="1"><subfield code="s">Gender</subfield><subfield code="h">Soziale Rolle</subfield></datafield><datafield tag="952" ind1="-" ind2="1"><subfield code="s">Geschlechtsrolle</subfield></datafield><datafield tag="952" ind1="-" ind2="1"><subfield code="s">Soziales Geschlecht</subfield></datafield><datafield tag="088" ind1=" " ind2=" "><subfield code="a">361</subfield><subfield code="b">27_Mo</subfield><subfield code="c">AZ714 F265</subfield><subfield code="e">ILL Kopie+Ausl.</subfield></datafield></record></metadata></record></ListRecords></OAI-PMH>